@online{Macrolop,
    author = "Temirkhan Myrzamadi",
    title = "Language-oriented programming in C",
    url = "https://github.com/Hirrolot/macrolop"
}

@online{typext4c,
    author = "Temirkhan Myrzamadi",
    title = "Type system extensions for C",
    url = "https://github.com/Hirrolot/typext4c"
}

@online{IsC99TuringComplete,
    author = "Brian Tompsett",
    title = "Is the C99 preprocessor Turing complete?",
    url = "https://stackoverflow.com/questions/3136686/is-the-c99-preprocessor-turing-complete"
}

@online{BoostPreprocessor,
    author = "Boost",
    title = "Boost/Preprocessor",
    url = "http://boost.org/libs/preprocessor"
}

@online{MacrolopDocs,
    author = "Temirkhan Myrzamadi",
    title = "The Macrolop standard library documentation",
    url = "https://github.com/Hirrolot/macrolop",
}
